@book{dev_dys,
  author = {R. L. Peterson - B. F. Pennington},
  title = {Developmental Dyslexia},
  year = {2012},
  publisher = {Lancet}
}

@misc{morelli,
  author = {Giampaolo Morelli},
  title = {Il monologo di Giampaolo Morelli},
  year = {2024},
  url = {https://www.iene.mediaset.it/video/il-monologo-di-giampaolo-morelli_1347761.shtml}
}

@article{imp,
  author = {J. D. Novak - D. B. Gowin}, 
  title = {Imparando ad imparare}, 
  year = {1984},
  pages = {pp 46 e 47},
  publisher = {New York Cambridge University Pres},
  journal  = { }
}

@article{miur,
  author = {Miur},
  title = {I principali dati relativi agli alunni con DSA},
  year = {2022},
  url ={https://www.mim.gov.it/documents/20182/6891182/Focus+sugli+alunni+con+Disturbi+Specifici+dell\%27Apprendimento_aa.ss.20192},
  publisher = {},
  journal  = {}
}

@article{nces,
  author = {National Center for Education Statistics (NCES)},
  title = {National Center for Education Statistics (NCES)},
  year = {2023},
  url = {https://nces.ed.gov/programs/coe/pdf/2023/cgg_508.pdf},
  publisher = { },
  journal  = { }
}

@article{L170,
  author = {LEGGE 8 ottobre 2010, n. 170},
  title = {Nuove norme in materia di disturbi specifici di apprendimento in ambito scolastico},
  year = {2010},
  url = {https://www.normattiva.it/atto/caricaDettaglioAtto?atto.dataPubblicazioneGazzetta=2010-10-18&atto.codiceRedazionale=010G0192&tipoDettaglio=multivigenza&qId=&classica=true&dataVigenza=\#:~:text=La\%20presente\%20legge\%20riconosce\%20la,sensoriali\%2C\%20ma\%20possono\%20costituire\%20una},
  journal  = { }
}

@misc{Tikz,
    url = {https://tikz.dev/},
    year = {2024},
    journal  = {}
}